%% Bruno Kobi Valadares de Amorim - 01/06/2022 

%%% INICIO REFERENCIAS ÓRGÃOS PETRÓLEO
@misc{ANP2022,
author = {ANP},
title = {Boletim mensal da produção de petróleo e gás natural},
url = {https://www.gov.br/anp/pt-br/centrais-de-conteudo/publicacoes/boletins-anp/boletins/arquivos-bmppgn/2022/2022-04-boletim.pdf},
month = {05},
year = {2022},
urlaccessdate = {15 jul. 2022}
}
 
@misc{BP2022,
author = {BP},
title = {BP Energy Outlook 2022},
url = {https://www.bp.com/content/dam/bp/business-sites/en/global/corporate/pdfs/energy-economics/energy-outlook/bp-energy-outlook-2022.pdf},
month = {05},
year = {2022},
urlaccessdate = {15 jul. 2022}
}
%%% FIM REFERENCIAS ÓRGÃOS PETRÓLEO


%%%% INICIO ARTIGOS EFEITOS GUERRA - PETRÓLEO
@article{sun2022effects,
  title={The effects of 2022 Russian invasion of Ukraine on global stock markets: An event study approach},
  author={Sun, Meihong and Song, Huasheng and Zhang, Chao},
  journal={SSRN 4051987},
  year={2022}
}

@article{ozili2022global,
  title={Global economic consequence of Russian invasion of Ukraine},
  author={Ozili, Peterson K},
  journal={SSRN},
  year={2022}
}
%%%% FIM  ARTIGOS EFEITOS GUERRA - PETRÓLEO

%%%% ARTIGOS- LIVROS  PROCESSO PETRÓLEO
@article{andreolli2016introduccao,
  title={Introdu{\c{c}}{\~a}o {\`a} eleva{\c{c}}{\~a}o e escoamento monof{\'a}sico e multif{\'a}sico de petr{\'o}leo},
  author={Andreolli, Ivanilto},
  journal={Editora Interci{\^e}ncia},
  volume={1},
  year={2016}
}

@book{gauto2016petroleo,
  title={Petr{\'o}leo e G{\'a}s: princ{\'\i}pios de explora{\c{c}}{\~a}o, produ{\c{c}}{\~a}o e refino},
  author={Gauto, Marcelo Antunes and de Melo Apoluceno, Daniela and Amaral, Messias Candido and Aur{\'\i}quio, Paulo Cezar},
  year={2016},
  publisher={Bookman Editora}
}

@article{qin2012survey,
  title={Survey on data-driven industrial process monitoring and diagnosis},
  author={Qin, S Joe},
  journal={Annual reviews in control},
  volume={36},
  number={2},
  pages={220--234},
  year={2012},
  publisher={Elsevier}
}
%%%% FIM ARTIGOS- LIVROS  PROCESSO PETRÓLEO


%%%% INICIO ARTIGOS BASE 3W DATASET 
@article{carvalhoevaluating,
  title={Evaluating machine learning techniques for detection of flow instability events in offshore oil wells},
  author={Carvalho, Bruno Guilherme},
   year={2021},
  publisher={Serra}
}

@thesis{fernandes2022comparaccao,
  title={Compara{\c{c}}{\~a}o de classificadores para detec{\c{c}}{\~a}o de anomalias em po{\c{c}}os produtores de petr{\'o}leo},
  author={Fernandes-J{\'u}nior, Wander},
  year={2022}, 
  type = {Dissertação (Mestrado em Computação Aplicada)},
  pages = {64},
  school = {Instituto Federal do Espírito Santo}
}

@inproceedings{junior2020detecccao,
  title={Detec{\c{c}}ao de anomalias em po{\c{c}}os produtores de petr{\'o}leo usando aprendizado de m{\'a}quina},
  author={ Wander Fernandes-J{\'u}nior and Vargas, Ricardo Emanuel Vaz and Komati, Karin Satie and de Souza Gazolli, Kelly Assis},
  booktitle={Congresso Brasileiro de Autom{\'a}tica-CBA},
  volume={2},
  number={1},
  year={2020}
}

@phdthesis{vargas2019base,
  title={Base de Dados e Benchmarks para Progn{\'o}stico de Anomalias em Sistemas de Eleva{\c{c}}ao de Petr{\'o}leo},
  author={Vargas, REV},
  year={2019},
  school={Tese de doutorado, Universidade Federal do Esp{\i}rito Santo}
}

@inproceedings{rodrigo2021,
  title={Detec{\c{c}}{\~a}o de anomalias em po{\c{c}}os de petr{\'o}leo surgentes com stacked autoencoders},
  author={do Nascimento, Rodrigo Scoralick Fontoura and Barbosa, Bruno Henrique Groenner and Vargas, Ricardo Emanuel Vaz and dos Santos, Ismael Humberto Ferreira},
  booktitle={Simp{\'o}sio Brasileiro de Automa{\c{c}}{\~a}o Inteligente-SBAI},
  volume={1},
  number={1},
  year={2021}
}

@inproceedings{carvalho2021flow,
  title={Flow instability detection in offshore oil wells with multivariate time series machine learning classifiers},
  author={Carvalho, Bruno Guilherme and Vargas, Ricardo Emanuel Vaz and Salgado, Ricardo Menezes and Munaro, Celso Jos{\'e} and Varej{\~a}o, Fl{\'a}vio Miguel},
  booktitle={2021 IEEE 30th International Symposium on Industrial Electronics (ISIE)},
  pages={1--6},
  year={2021},
  organization={IEEE}
}

@article{rezende2021reduccao,
  title={Redu{\c{c}}{\~a}o de Dimensionalidade para Reconhecimento de Padr{\~o}es Eletromiogr{\'a}ficos de Movimentos dos Dedos da M{\~a}o},
  author={Rezende, Ana Cl{\'a}udia Barbosa and Corr{\^e}a, Henrique Pires and Vieira, Fl{\'a}vio Henrique Teles and Lopes Filho, Gilberto and de Castro Lopes, Gustavo},
  journal={Brazilian Journal of Development},
  volume={7},
  number={3},
  pages={25728--25741},
  year={2021}
}

@article{marins2021fault,
  title={Fault detection and classification in oil wells and production/service lines using random forest},
  author={Marins, Matheus A and Barros, Bettina D and Santos, Ismael H and Barrionuevo, Daniel C and Vargas, Ricardo EV and Prego, Thiago de M and de Lima, Amaro A and de Campos, Marcello LR and da Silva, Eduardo AB and Netto, Sergio L},
  journal={Journal of Petroleum Science and Engineering},
  volume={197},
  pages={107879},
  year={2021},
  publisher={Elsevier}
  }
%%%% FIM ARTIGOS BASE 3W DATASET 


%%%% INICIO ARTIGOS SOBRE CLASSIFICAÇÃO E DEEP LEARNING 
@article{kadhim2019survey,
  title={Survey on supervised machine learning techniques for automatic text classification},
  author={Kadhim, Ammar Ismael},
  journal={Artificial Intelligence Review},
  volume={52},
  number={1},
  pages={273--292},
  year={2019},
  publisher={Springer}
}

@article{khan2019unsupervised,
  title={Unsupervised anomaly detection in unmanned aerial vehicles},
  author={Khan, Samir and Liew, Chun Fui and Yairi, Takehisa and McWilliam, Richard},
  journal={Applied Soft Computing},
  volume={83},
  pages={105650},
  year={2019},
  publisher={Elsevier}
}

@article{santos2016literature,
  title={A Literature Survey of Early Time Series Classification and Deep Learning.},
  author={Santos, Tiago and Kern, Roman},
  journal={Sami@ iknow},
  year={2016}
}

@article{ismail2019deep,
  title={Deep learning for time series classification: a review},
  author={Ismail Fawaz, Hassan and Forestier, Germain and Weber, Jonathan and Idoumghar, Lhassane and Muller, Pierre-Alain},
  journal={Data mining and knowledge discovery},
  volume={33},
  number={4},
  pages={917--963},
  year={2019},
  publisher={Springer}
}
%%%% FIM ARTIGOS SOBRE CLASSIFICAÇÃO E DEEP LEARNING 

%%% INICIO ARTIGOS DETECÇÃO DE ANOMALIAS
@article{chandola2009anomaly,
  title={Anomaly Detection: A Survey. ACM Computing Surveys},
  author={Chandola, V and Banerjee, A and Kumar, V},
  journal={vol},
  volume={41},
  pages={15},
  year={2009}
}
%%% FIM ARTIGOS DETECÇÃO DE ANOMALIAS

%%%% INICIO ARTIGOS REDUÇÃO DE DIMENSIONALIDADE
@article{li2020DTM,
  title={Deep Manifold Transformation for Dimension Reduction},
  author={Li, Stan Z and Zang, Zelin and Wu, Lirong},
  journal={arXiv preprint arXiv:2010.14831},
  pages={1--10},
  year={2020}
}

@article{nanga2021review,
  title={Review of Dimension Reduction Methods},
  author={Nanga, Salifu and Bawah, Ahmed Tijani and Acquaye, Benjamin Ansah and Billa, Mac-Issaka and Baeta, Francis Delali and Odai, Nii Afotey and Obeng, Samuel Kwaku and Nsiah, Ampem Darko},
  journal={Journal of Data Analysis and Information Processing},
  volume={9},
  number={3},
  pages={189--231},
  year={2021},
  publisher={Scientific Research Publishing}
}

@article{jia2022iso,
  title={Feature dimensionality reduction: a review},
  author={Jia, Weikuan and Sun, Meili and Lian, Jian and Hou, Sujuan},
  journal={Complex \& Intelligent Systems},
  pages={1--31},
  year={2022},
  publisher={Springer}
}

@article{zebari2020comprehensive,
  title={A comprehensive review of dimensionality reduction techniques for feature selection and feature extraction},
  author={Zebari, Rizgar and Abdulazeez, Adnan and Zeebaree, Diyar and Zebari, Dilovan and Saeed, Jwan},
  journal={Journal of Applied Science and Technology Trends},
  volume={1},
  number={2},
  pages={56--70},
  year={2020}
}
%%%% FIM  ARTIGOS REDUÇÃO DE DIMENSIONALIDADE

%%%% INICIO ARTIGO DE MALDIÇÃO DA DIMENSIONALIDADE
@inproceedings{koppen2000curse,
  title={The curse of dimensionality},
  author={K{\"o}ppen, Mario},
  booktitle={5th online world conference on soft computing in industrial applications (WSC5)},
  volume={1},
  pages={4--8},
  year={2000}
}
%%%% FIM  ARTIGO DE MALDIÇÃO DA DIMENSIONALIDADE

%%% MÉTRICAS

@misc{F1hsu2003,
  title={A practical guide to support vector classification},
  author={Hsu, Chih-Wei and Chang, Chih-Chung and Lin, Chih-Jen and others},
  year={2003},
  publisher={Taipei, Taiwan}
}

@article{F1akay2009support,
  title={Support vector machines combined with feature selection for breast cancer diagnosis},
  author={Akay, Mehmet Fatih},
  journal={Expert systems with applications},
  volume={36},
  number={2},
  pages={3240--3247},
  year={2009},
  publisher={Elsevier}
}


